
        <zs:record>
          <zs:recordPacking>xml</zs:recordPacking>
          <zs:recordData>
              	<marc:record>
		<marc:leader>00000ndd a2200000 u 4500</marc:leader>
		<marc:controlfield tag="001">046414174</marc:controlfield>
		<marc:controlfield tag="003">DE-633</marc:controlfield>
		<marc:controlfield tag="005">20161205081643.0</marc:controlfield>
		<marc:datafield tag="031" ind1=" " ind2=" ">
			<marc:subfield code="a">1</marc:subfield>
			<marc:subfield code="b">1</marc:subfield>
			<marc:subfield code="c">1</marc:subfield>
			<marc:subfield code="d">Munter und gesanglich.</marc:subfield>
			<marc:subfield code="g">C-4</marc:subfield>
			<marc:subfield code="m">T</marc:subfield>
			<marc:subfield code="n">xFC</marc:subfield>
			<marc:subfield code="o">3/4</marc:subfield>
			<marc:subfield code="p">,8.F6G4AA/8.B6A2G/&#39;8.D6C4DE/</marc:subfield>
			<marc:subfield code="r">D</marc:subfield>
			<marc:subfield code="t">Lauriger horatius quam dixit verum</marc:subfield>
			<marc:subfield code="u">20042861</marc:subfield>
			<marc:subfield code="2">pe</marc:subfield>
		</marc:datafield>
		<marc:datafield tag="040" ind1=" " ind2=" ">
			<marc:subfield code="a">DE-633</marc:subfield>
		</marc:datafield>
		<marc:datafield tag="041" ind1=" " ind2=" ">
			<marc:subfield code="a">lat</marc:subfield>
		</marc:datafield>
		<marc:datafield tag="100" ind1="1" ind2=" ">
			<marc:subfield code="a">Zelter, Carl Friedrich</marc:subfield>
			<marc:subfield code="d">1758-1832</marc:subfield>
			<marc:subfield code="0">98629</marc:subfield>
		</marc:datafield>
		<marc:datafield tag="240" ind1="1" ind2="0">
			<marc:subfield code="a">Lauriger Horatius</marc:subfield>
			<marc:subfield code="m">V(3), coro maschile</marc:subfield>
			<marc:subfield code="r">D</marc:subfield>
			<marc:subfield code="0">3917684</marc:subfield>
		</marc:datafield>
		<marc:datafield tag="245" ind1="1" ind2="0">
			<marc:subfield code="a">[caption title, p. 2:] 15 febr 14.</marc:subfield>
		</marc:datafield>
		<marc:datafield tag="260" ind1=" " ind2=" ">
			<marc:subfield code="c">1814</marc:subfield>
			<marc:subfield code="8">01</marc:subfield>
		</marc:datafield>
		<marc:datafield tag="300" ind1=" " ind2=" ">
			<marc:subfield code="a">score: 2p. [p. 2-3]</marc:subfield>
			<marc:subfield code="c">34 x 21 cm</marc:subfield>
			<marc:subfield code="8">01</marc:subfield>
		</marc:datafield>
		<marc:datafield tag="500" ind1=" " ind2=" ">
			<marc:subfield code="a">Vor dem ersten System die Namen der solistisch singenden Männerstimmen: &quot;Langermann | Ritschel | Hartung&quot;.</marc:subfield>
		</marc:datafield>
		<marc:datafield tag="500" ind1=" " ind2=" ">
			<marc:subfield code="a">Unter der letzten Akkolade eine Skizze von Zelters Hand mit Blei auf den Text &quot;Wer nie sein Brot mit Tränen aß&quot;.</marc:subfield>
		</marc:datafield>
		<marc:datafield tag="592" ind1=" " ind2=" ">
			<marc:subfield code="a">[letters in circle, countermark letters (not to identify)]</marc:subfield>
			<marc:subfield code="8">01</marc:subfield>
		</marc:datafield>
		<marc:datafield tag="593" ind1=" " ind2=" ">
			<marc:subfield code="a">Autograph manuscript</marc:subfield>
			<marc:subfield code="8">01</marc:subfield>
		</marc:datafield>
		<marc:datafield tag="594" ind1=" " ind2=" ">
			<marc:subfield code="b">T</marc:subfield>
			<marc:subfield code="c">2</marc:subfield>
		</marc:datafield>
		<marc:datafield tag="594" ind1=" " ind2=" ">
			<marc:subfield code="b">B</marc:subfield>
			<marc:subfield code="c">1</marc:subfield>
		</marc:datafield>
		<marc:datafield tag="594" ind1=" " ind2=" ">
			<marc:subfield code="b">Coro T</marc:subfield>
			<marc:subfield code="c">2</marc:subfield>
		</marc:datafield>
		<marc:datafield tag="594" ind1=" " ind2=" ">
			<marc:subfield code="b">Coro B</marc:subfield>
			<marc:subfield code="c">1</marc:subfield>
		</marc:datafield>
		<marc:datafield tag="594" ind1=" " ind2=" ">
			<marc:subfield code="a">T (2), B, Coro T (2), Coro B</marc:subfield>
		</marc:datafield>
		<marc:datafield tag="650" ind1="0" ind2="0">
			<marc:subfield code="a">Partsongs</marc:subfield>
			<marc:subfield code="0">25460</marc:subfield>
		</marc:datafield>
		<marc:datafield tag="700" ind1="1" ind2=" ">
			<marc:subfield code="a">Hoffmann von Fallersleben, August Heinrich</marc:subfield>
			<marc:subfield code="d">1798-1874</marc:subfield>
			<marc:subfield code="j">Ascertained</marc:subfield>
			<marc:subfield code="0">95806</marc:subfield>
			<marc:subfield code="4">lyr</marc:subfield>
		</marc:datafield>
		<marc:datafield tag="700" ind1="1" ind2=" ">
			<marc:subfield code="a">Langermann, Johann Gottfried</marc:subfield>
			<marc:subfield code="d">1768-1832</marc:subfield>
			<marc:subfield code="0">72725</marc:subfield>
			<marc:subfield code="4">oth</marc:subfield>
		</marc:datafield>
		<marc:datafield tag="773" ind1="0" ind2=" ">
			<marc:subfield code="w">464141752</marc:subfield>
		</marc:datafield>
		<marc:datafield tag="852" ind1=" " ind2=" ">
			<marc:subfield code="a">D-B</marc:subfield>
			<marc:subfield code="c">Mus.ms.autogr. Zelter, K. F. 17 (2)</marc:subfield>
			<marc:subfield code="e">Staatsbibliothek zu Berlin - Preußischer Kulturbesitz, Musikabteilung</marc:subfield>
			<marc:subfield code="x">30000655</marc:subfield>
		</marc:datafield>
	</marc:record>

          </zs:recordData>
          <zs:recordPosition>5</zs:recordPosition>
        </zs:record>
    </zs:records>
    <zs:echoedSearchRetrieveRequest>
      <zs:version>1.1</zs:version>
      <zs:query>bath.possessingInstitution=D-B</zs:query>
      <zs:maximumRecords>5</zs:maximumRecords>
      <zs:recordPacking>xml</zs:recordPacking>
    </zs:echoedSearchRetrieveRequest>
  </zs:searchRetrieveResponse>



